@thesis{opg:nyboe,
  author = {Håvard Solberg Nybøe},
  title  = {I synet av hverandre},
  school = {Porsgrunn videregående skole},
  year   = 2020,
  url    = {https://raw.githubusercontent.com/havardnyboe/Forskningsoppgave-VG3/main/main_uten_sidedeling.pdf},
  urldate = {2021-11-02}
}